% Topic #1 (a)
@misc{article:geometric_spanning_trees_minimizing_wiener_index,
      title={Geometric Spanning Trees Minimizing the Wiener Index}, 
      author={A. Karim Abu-Affash and Paz Carmi and Ori Luwisch and Joseph S. B. Mitchell},
      year={2023},
      eprint={2303.01096},
      archivePrefix={arXiv},
      primaryClass={cs.CG},
      url={https://arxiv.org/abs/2303.01096}, 
}
% Spanning tree of 3-uniform hypergraphs is polynomial time
@article{article:spanning_tree_3_uniform_hypergraph,
title = {Spanning trees of 3-uniform hypergraphs},
journal = {Advances in Applied Mathematics},
volume = {47},
number = {4},
pages = {840-868},
year = {2011},
issn = {0196-8858},
doi = {https://doi.org/10.1016/j.aam.2011.04.006},
url = {https://www.sciencedirect.com/science/article/pii/S019688581100042X},
author = {Andrew Goodall and Anna {de Mier}},
keywords = {3-Uniform hypergraph, Spanning tree, Pfaffian, Matrix-tree theorem, Orientations},
}

% Spanning tree of k-uniform 2-regular hypergraph is NP-Complete
@misc{article:spanning_tree_k_uniform_2_regular_hypergraph,
      title={Tree-Residue Vertex-Breaking: a new tool for proving hardness}, 
      author={Erik D. Demaine and Mikhail Rudoy},
      year={2018},
      eprint={1706.07900},
      archivePrefix={arXiv},
      primaryClass={cs.CC},
      url={https://arxiv.org/abs/1706.07900}, 
}

% Inside out dissections of polygons and polyhedra
@misc{article:inside_out_dissections_polygons_polyhedra,
      title={On inside-out Dissections of Polygons and Polyhedra}, 
      author={Reymond Akpanya and Adi Rivkin and Frederick Stock},
      year={2024},
      eprint={2411.06584},
      archivePrefix={arXiv},
      primaryClass={cs.CG},
      url={https://arxiv.org/abs/2411.06584}, 
}
