% The naming convention is: author_year_keyword

@article{wiener_1947_structural_paraffin,
  author    = {Wiener, Harry},
  title     = {Structural determination of paraffin boiling points},
  journal   = {Journal of the American Chemical Society},
  year      = {1947},
  volume    = {69},
  number    = {1},
  pages     = {17--20},
  doi       = {10.1021/ja01193a005}
}

@misc{abuaffash_2023_geom_min_spanning_tree_wiener_index,
      title={Geometric Spanning Trees Minimizing the Wiener Index}, 
      author={A. Karim Abu-Affash and Paz Carmi and Ori Luwisch and Joseph S. B. Mitchell},
      year={2023},
      eprint={2303.01096},
      archivePrefix={arXiv},
      primaryClass={cs.CG},
      url={https://arxiv.org/abs/2303.01096}, 
}
